<?xml version="1.0" encoding="UTF-8"?><record xmlns="http://www.loc.gov/MARC21/slim" xmlns:cinclude="http://apache.org/cocoon/include/1.0" xmlns:zs="http://www.loc.gov/zing/srw/">
  <leader>00417nz  a2200133n  4500</leader>
  <controlfield tag="001">n  85165527 </controlfield>
  <controlfield tag="003">DLC</controlfield>
  <controlfield tag="005">19861230103051.7</controlfield>
  <controlfield tag="008">861114n| acannaab|          |a aaa ||| c</controlfield>
  <datafield tag="010" ind1=" " ind2=" ">
    <subfield code="a">n  85165527 </subfield>
  </datafield>
  <datafield tag="040" ind1=" " ind2=" ">
    <subfield code="a">CtY</subfield>
    <subfield code="c">DLC</subfield>
    <subfield code="d">DLC</subfield>
  </datafield>
  <datafield tag="100" ind1="1" ind2="0">
    <subfield code="a">Sergeev, S. S.</subfield>
    <subfield code="q">(Sergeĭ Sergeevich)</subfield>
  </datafield>
  <datafield tag="400" ind1="1" ind2="0">
    <subfield code="a">Sergeev, Sergeĭ Sergeevich</subfield>
  </datafield>
  <datafield tag="670" ind1=" " ind2=" ">
    <subfield code="a">His Totalʹnyĭ shpionazh, 1984:</subfield>
    <subfield code="b">t.p. (S.S. Sergeev) colophon (Sergeĭ Sergeevich Sergeev)</subfield>
  </datafield>
</record>